@book{ingstad2011disability,
  title={Disability and poverty: A global challenge},
  author={Ingstad, Benedicte and Eide, Arne},
  year={2011},
  publisher={Policy Press}
}

@article{chowdhury2006economics,
  title={Economics of disability: An empirical study of disability and employment in the Bangladesh district of Chuadanga},
  author={Chowdhury, Jahan and Foley, Dermot},
  journal={Disability Studies Quarterly},
  volume={26},
  number={4},
  year={2006}
}

@incollection{schickore2006introduction,
  title={Introduction: Revisiting the context distinction},
  author={Schickore, Jutta and Steinle, Friedrich},
  booktitle={Revisiting Discovery and Justification},
  pages={7--19},
  year={2006},
  publisher={Springer}
}

@article{schickore2014scientific,
  title={Scientific discovery},
  author={Schickore, Jutta},
  year={2014}
}

@article{datson1992objectivity,
  title={Objectivity and the escape from perspective},
  author={Datson, L},
  journal={Social Studies in Science},
  volume={22},
  number={4},
  pages={597--618},
  year={1992}
}

@article{gathecha2009between,
  title={Between Disability and Womanhood: The Everyday Struggles and Triumphs of a Kenyan Woman},
  author={Gathecha, Beneditta Ngina},
  journal={Disability Studies Quarterly},
  volume={29},
  number={4},
  year={2009}
}

@article{klein2010taxonomy,
  title={A taxonomy of interdisciplinarity},
  author={Klein, Julie Thompson},
  journal={The Oxford handbook of interdisciplinarity},
  volume={15},
  pages={15--30},
  year={2010}
}

@article{weingart2010short,
  title={A short history of knowledge formations},
  author={Weingart, Peter},
  journal={The Oxford handbook of interdisciplinarity},
  pages={3--14},
  year={2010},
  publisher={Oxford University Press Oxford}
}

@book{kuhn2012structure,
  title={The structure of scientific revolutions},
  author={Kuhn, Thomas S},
  year={2012},
  publisher={University of Chicago press}
}

@book{latour2012we,
  title={We have never been modern},
  author={Latour, Bruno},
  year={2012},
  publisher={Harvard university press}
}

@book{bertram2018bestial,
  title={Bestial Oblivion: War, Humanism, and Ecology in Early Modern England},
  author={Bertram, Benjamin},
  year={2018},
  publisher={Routledge}
}

@article{latour1999circulating,
  title={Circulating reference: Sampling the soil in the Amazon forest},
  author={Latour, Bruno},
  journal={Pandoraâ€™s hope: Essays on the reality of science studies},
  pages={24--79},
  year={1999},
  publisher={Harvard University Press Cambridge, MA}
}

@article{pfeiffer2000disability,
  title={The disability paradigm},
  author={Pfeiffer, David},
  journal={Journal of Disability Policy Studies},
  volume={11},
  number={2},
  pages={98--99},
  year={2000},
  publisher={Sage Publications Sage CA: Thousand Oaks, CA}
}

@article{alkire2011understandings,
  title={Understandings and misunderstandings of multidimensional poverty measurement},
  author={Alkire, Sabina and Foster, James},
  journal={The Journal of Economic Inequality},
  volume={9},
  number={2},
  pages={289--314},
  year={2011},
  publisher={Springer}
}

@article{collingwood1922history,
  title={Are history and science different kinds of knowledge?},
  author={Collingwood, Robin G and Taylor, AE and Schiller, FCS},
  journal={Mind},
  volume={31},
  number={124},
  pages={443--466},
  year={1922},
  publisher={JSTOR}
}

@book{mishan2015elements,
  title={Elements of Cost-benefit Analysis},
  author={Mishan, E.J.},
  isbn={9781138852211},
  series={Routledge Revivals},
  url={https://books.google.de/books?id=jXyyoQEACAAJ},
  year={2015},
  publisher={Routledge}
}

@article{mitra2018disability,
  title={Disability, health and human development},
  author={Mitra, Sophie},
  year={2018},
  publisher={Springer}
}

@book{roulstone2016disability,
  title={Disability and technology: An interdisciplinary and international approach},
  author={Roulstone, Alan},
  year={2016},
  publisher={Springer}
}
